<?xml version="1.0" encoding="utf-8"?>
<record xmlns="http://www.loc.gov/MARC21/slim" xmlns:xsi="http://www.w3.org/2001/XMLSchema-instance" xsi:schemaLocation="http://www.loc.gov/MARC21/slim http://www.loc.gov/standards/marcxml/schema/MARC21slim.xsd">
	<leader>     nam a22     Mi 4500</leader>
	<controlfield tag="001">2795745</controlfield>
	<controlfield tag="003">NjP</controlfield>
	<controlfield tag="006">m        d        </controlfield>
	<controlfield tag="007">cr cn |||m|||a</controlfield>
	<controlfield tag="008">210322m18909999mr      o     000 0 ara d</controlfield>
	<datafield ind1="7" ind2=" " tag="024">
		<subfield code="a">princeton_aco004878</subfield>
		<subfield code="2">local</subfield>
	</datafield>
	<datafield ind1=" " ind2=" " tag="040">
		<subfield code="a">ZYU</subfield>
		<subfield code="b">ara</subfield>
		<subfield code="c">ZYU</subfield>
	</datafield>
	<datafield ind1="1" ind2=" " tag="100">
		<subfield code="6">880-01</subfield>
		<subfield code="a">Shafshāwanī, Muḥammad ibn Muḥammad,</subfield>
		<subfield code="d">1765 or 1766-1816 or 1817.</subfield>
		<subfield code="0">http://id.loc.gov/authorities/names/no00011714</subfield>
	</datafield>
	<datafield ind1="1" ind2="0" tag="240">
		<subfield code="6">880-02</subfield>
		<subfield code="a">Ḥāshiyah ʻalá Sharḥ al-Taftāzānī ʻalá al-Talkhīṣ lil-Qazwīnī</subfield>
	</datafield>
	<datafield ind1="1" ind2="3" tag="245">
		<subfield code="6">880-03</subfield>
		<subfield code="a">al-Niṣf al-awwal min Ḥāshiyat al-ʻālim al-ʻallāmah al- muḥaqqiq Abī ʻAbd Allāh Sayyidī Muḥammad ibn Muḥammad ibn Manṣūr al-Ṣāwī al-aṣl al-Fāsī al-dār ʻalá Sharḥ al-ʻAllāmah Saʻd al-Dīn al-Taftāzānī ʻalá al-Talkhīṣ lil-Qazwīnī. Wa-bi-al-hāmish al-Sharḥ al-madhkūr</subfield>
		<subfield code="h">[electronic resource].</subfield>
	</datafield>
	<datafield ind1="3" ind2="0" tag="246">
		<subfield code="6">880-04</subfield>
		<subfield code="a">Ḥāshiyah ʻalá Sharḥ al-Taftāzānī ʻalá al-Talkhīṣ lil-Qazwīnī</subfield>
	</datafield>
	<datafield ind1=" " ind2=" " tag="260">
		<subfield code="6">880-05</subfield>
		<subfield code="a">[al-Maghrib :</subfield>
		<subfield code="b">s.n.,</subfield>
		<subfield code="c">189-?]-</subfield>
	</datafield>
	<datafield ind1=" " ind2=" " tag="300">
		<subfield code="a">online resource (v.)</subfield>
	</datafield>
	<datafield ind1=" " ind2=" " tag="500">
		<subfield code="a">Princeton's copy defective lacks t.p.</subfield>
		<subfield code="5">NjP</subfield>
	</datafield>
	<datafield ind1=" " ind2=" " tag="500">
		<subfield code="a">Part of the Arabic Collections Online (ACO) project, contributed by Princeton University Libraries.</subfield>
	</datafield>
	<datafield ind1=" " ind2=" " tag="533">
		<subfield code="a">Electronic reproduction.</subfield>
		<subfield code="b">New York, N.Y. :</subfield>
		<subfield code="c">New York University,</subfield>
		<subfield code="d">2021.</subfield>
		<subfield code="5">NNU</subfield>
	</datafield>
	<datafield ind1="1" ind2="0" tag="600">
		<subfield code="a">Taftāzānī, Masʻūd ibn ʻUmar,</subfield>
		<subfield code="d">1322-1389?</subfield>
		<subfield code="t">Muṭawwal.</subfield>
	</datafield>
	<datafield ind1="1" ind2="0" tag="600">
		<subfield code="a">Qazwīnī, Jalāl al-Dīn Muḥammad ibn ʻAbd al-Raḥmān,</subfield>
		<subfield code="d">1267 or 1268-1338.</subfield>
		<subfield code="t">Talkhīṣ al-Miftāḥ.</subfield>
	</datafield>
	<datafield ind1=" " ind2="0" tag="650">
		<subfield code="a">Arabic language</subfield>
		<subfield code="x">Rhetoric.</subfield>
		<subfield code="0">http://id.loc.gov/authorities/subjects/sh2007101225</subfield>
	</datafield>
	<datafield ind1="1" ind2="0" tag="600">
		<subfield code="a">Sakkākī, Yūsuf ibn Abī Bakr,</subfield>
		<subfield code="d">b. 1160.</subfield>
		<subfield code="t">Miftāḥ al-ʻulūm.</subfield>
	</datafield>
	<datafield ind1=" " ind2="7" tag="655">
		<subfield code="a">Lithographs</subfield>
		<subfield code="z">Morocco</subfield>
		<subfield code="2">gmgpc</subfield>
	</datafield>
	<datafield ind1="1" ind2="2" tag="700">
		<subfield code="6">880-06</subfield>
		<subfield code="a">Taftāzānī, Masʻūd ibn ʻUmar,</subfield>
		<subfield code="d">1322-1389?</subfield>
		<subfield code="t">Talkhīṣ al-Miftāḥ.</subfield>
		<subfield code="0">http://id.loc.gov/authorities/names/n79106223</subfield>
	</datafield>
	<datafield ind1="2" ind2=" " tag="710">
		<subfield code="a">Princeton University.</subfield>
		<subfield code="b">Library.</subfield>
	</datafield>
	<datafield ind1="0" ind2=" " tag="730">
		<subfield code="a">Arabic Collections Online.</subfield>
	</datafield>
	<datafield ind1="0" ind2=" " tag="740">
		<subfield code="6">880-07</subfield>
		<subfield code="a">Talkhīṣ al-Miftāḥ.</subfield>
	</datafield>
	<datafield ind1="0" ind2="8" tag="776">
		<subfield code="i">Print version:</subfield>
		<subfield code="a">Shafshāwanī, Muḥammad ibn Muḥammad, 1765 or 1766-1816 or 1817. http://id.loc.gov/authorities/names/no00011714</subfield>
		<subfield code="t">al-Niṣf al-awwal min Ḥāshiyat al-ʻālim al-ʻallāmah al- muḥaqqiq Abī ʻAbd Allāh Sayyidī Muḥammad ibn Muḥammad ibn Manṣūr al-Ṣāwī al-aṣl al-Fāsī al-dār ʻalá Sharḥ al-ʻAllāmah Saʻd al-Dīn al-Taftāzānī ʻalá al-Talkhīṣ lil-Qazwīnī. Wa-bi-al-hāmish al-Sharḥ al-madhkūr</subfield>
		<subfield code="w">(NjP)2795745</subfield>
	</datafield>
	<datafield ind1="4" ind2="0" tag="856">
		<subfield code="u">http://hdl.handle.net/2333.1/59zw426t</subfield>
	</datafield>
	<datafield ind1=" " ind2="0" tag="866">
		<subfield code="0">3107362</subfield>
		<subfield code="a">Niṣf 1</subfield>
	</datafield>
	<datafield ind1=" " ind2="0" tag="866">
		<subfield code="0">3107362</subfield>
		<subfield code="x">DESIGNATOR: niṣf</subfield>
	</datafield>
	<datafield ind1="1" ind2=" " tag="880">
		<subfield code="6">100-01</subfield>
		<subfield code="a">شفشاوني، محمد بن محمد،</subfield>
		<subfield code="d">1765 or 1766-1816 or 1817.</subfield>
	</datafield>
	<datafield ind1="1" ind2="0" tag="880">
		<subfield code="6">240-02</subfield>
		<subfield code="a">حاشية على شرح التفتازاني على التلخيص للقزويني</subfield>
	</datafield>
	<datafield ind1="1" ind2="2" tag="880">
		<subfield code="6">245-03</subfield>
		<subfield code="a">النصف الاول من حاشية العالم العلامة ال محقق ابي عبد الله سيدي محمد بن محمد بن منصور الصاوي الاصل الفاسي الدار على شرح العلامة سعد الدين التفتازاني على التلخيص للقزويني. وبالهامش الشرح المذكور.</subfield>
	</datafield>
	<datafield ind1="3" ind2="0" tag="880">
		<subfield code="6">246-04</subfield>
		<subfield code="a">حاشية على شرح التفتازاني على التلخيص للقزويني</subfield>
	</datafield>
	<datafield ind1=" " ind2=" " tag="880">
		<subfield code="6">260-05</subfield>
		<subfield code="a">[المغرب :</subfield>
		<subfield code="b">س.ن.،</subfield>
		<subfield code="c">189-?]-</subfield>
	</datafield>
	<datafield ind1="1" ind2="2" tag="880">
		<subfield code="6">700-06</subfield>
		<subfield code="a">تفتازاني، مسعود بن عمر،</subfield>
		<subfield code="d">1322-1389؟</subfield>
		<subfield code="t">تلخيص المفتاح.</subfield>
	</datafield>
	<datafield ind1="0" ind2=" " tag="880">
		<subfield code="6">740-07</subfield>
		<subfield code="a">تلخيص المفتاح.</subfield>
	</datafield>
	<datafield ind1=" " ind2=" " tag="948">
		<subfield code="a">jeb</subfield>
	</datafield>
	<datafield ind1=" " ind2=" " tag="911">
		<subfield code="a">20000217</subfield>
	</datafield>
	<datafield ind1=" " ind2=" " tag="912">
		<subfield code="a">20000217051023.0</subfield>
	</datafield>
	<datafield ind1=" " ind2=" " tag="959">
		<subfield code="a">2000-06-13 00:00:00 -0400</subfield>
	</datafield>
	<datafield ind1=" " ind2=" " tag="959">
		<subfield code="a">NNU</subfield>
		<subfield code="b">WEB</subfield>
		<subfield code="c">GENI</subfield>
		<subfield code="t">0</subfield>
		<subfield code="m">Electronic access</subfield>
		<subfield code="s">01</subfield>
	</datafield>
	<datafield ind1=" " ind2=" " tag="999">
		<subfield code="i">NjP_2795745</subfield>
		<subfield code="s">princeton_aco004878:nisf 1</subfield>
		<subfield code="e">(ERROR-880)(ERROR-MISC)</subfield>
		<subfield code="s">princeton_aco004878:nisf 1</subfield>
	</datafield>
</record>
